
    <record>
        <leader>01571cam a2200421 c 4500</leader>
        <controlfield tag="001">991340231964702202</controlfield>
        <controlfield tag="005">20230309163526.0</controlfield>
        <controlfield tag="007">ta</controlfield>
        <controlfield tag="008">150209s1986    no#|||||||||||000|1|nob| </controlfield>
        <datafield tag="014" ind1="1" ind2=" ">
            <subfield code="a">134023196</subfield>
            <subfield code="b">(NO-TrBIB)</subfield>
        </datafield>
        <datafield tag="015" ind1=" " ind2=" ">
            <subfield code="a">8800404</subfield>
            <subfield code="2">nbf</subfield>
        </datafield>
        <datafield tag="020" ind1=" " ind2=" ">
            <subfield code="a">8203152376</subfield>
            <subfield code="q">h.</subfield>
            <subfield code="c">Nkr 25.00</subfield>
        </datafield>
        <datafield tag="035" ind1=" " ind2=" ">
            <subfield code="a">(EXLNZ-47BIBSYS_NETWORK)991340231964702201</subfield>
        </datafield>
        <datafield tag="035" ind1=" " ind2=" ">
            <subfield code="a">(NO-TrBIB)134023196</subfield>
        </datafield>
        <datafield tag="035" ind1=" " ind2=" ">
            <subfield code="a">134023196-47bibsys_network</subfield>
        </datafield>
        <datafield tag="035" ind1=" " ind2=" ">
            <subfield code="a">13g141260-47bibsys_nb</subfield>
        </datafield>
        <datafield tag="040" ind1=" " ind2=" ">
            <subfield code="a">NO-OsNB</subfield>
            <subfield code="b">nob</subfield>
            <subfield code="e">katreg</subfield>
        </datafield>
        <datafield tag="041" ind1="1" ind2=" ">
            <subfield code="h">eng</subfield>
        </datafield>
        <datafield tag="044" ind1=" " ind2=" ">
            <subfield code="c">no</subfield>
        </datafield>
        <datafield tag="082" ind1="7" ind2="4">
            <subfield code="a">823</subfield>
            <subfield code="q">NO-OsNB</subfield>
            <subfield code="2">4/nor</subfield>
        </datafield>
        <datafield tag="100" ind1="1" ind2=" ">
            <subfield code="a">Christie, Agatha</subfield>
            <subfield code="d">1890-1976</subfield>
            <subfield code="0">(NO-TrBIB)90057229</subfield>
        </datafield>
        <datafield tag="245" ind1="1" ind2="0">
            <subfield code="a">Mord på Orientekspressen</subfield>
            <subfield code="c">Agatha Christie ; oversatt av Axel S. Seeberg</subfield>
        </datafield>
        <datafield tag="246" ind1="1" ind2=" ">
            <subfield code="a">Murder on the Orient express</subfield>
            <subfield code="i">Originaltittel</subfield>
        </datafield>
        <datafield tag="250" ind1=" " ind2=" ">
            <subfield code="a">4. oppl.</subfield>
        </datafield>
        <datafield tag="260" ind1=" " ind2=" ">
            <subfield code="a">Oslo</subfield>
            <subfield code="b">Aschehoug</subfield>
            <subfield code="c">1986</subfield>
        </datafield>
        <datafield tag="300" ind1=" " ind2=" ">
            <subfield code="a">164 s.</subfield>
        </datafield>
        <datafield tag="490" ind1="1" ind2=" ">
            <subfield code="a">Hercule Poirot-serien</subfield>
        </datafield>
        <datafield tag="500" ind1=" " ind2=" ">
            <subfield code="a">1. norske utg. 1975</subfield>
        </datafield>
        <datafield tag="533" ind1=" " ind2=" ">
            <subfield code="a">Elektronisk reproduksjon</subfield>
            <subfield code="b">[Norge]</subfield>
            <subfield code="c">Nasjonalbiblioteket Digital</subfield>
            <subfield code="d">2017-02-21</subfield>
        </datafield>
        <datafield tag="700" ind1="1" ind2=" ">
            <subfield code="a">Seeberg, Axel S.</subfield>
            <subfield code="d">1914-1994</subfield>
            <subfield code="4">trl</subfield>
            <subfield code="0">(NO-TrBIB)90707254</subfield>
        </datafield>
        <datafield tag="830" ind1=" " ind2="0">
            <subfield code="a">Hercule Poirot-serien</subfield>
        </datafield>
        <datafield tag="852" ind1="8" ind2=" ">
            <subfield code="b">0030100</subfield>
            <subfield code="c">g00005</subfield>
            <subfield code="h">NA/A 1988:495</subfield>
        </datafield>
        <datafield tag="856" ind1="4" ind2="0">
            <subfield code="3"/>
            <subfield code="y">NB Digital</subfield>
            <subfield code="u">http://urn.nb.no/URN:NBN:no-nb_digibok_2017011248156</subfield>
            <subfield code="z"/>
        </datafield>
        <datafield tag="856" ind1="4" ind2="1">
            <subfield code="3">Fulltekst</subfield>
            <subfield code="u">https://urn.nb.no/URN:NBN:no-nb_digibok_2017011248156</subfield>
            <subfield code="y">Nettbiblioteket</subfield>
            <subfield code="z">Digital representasjon</subfield>
        </datafield>
        <datafield tag="859" ind1=" " ind2=" ">
            <subfield code="a">0030100</subfield>
            <subfield code="b">g00005</subfield>
            <subfield code="c">NA/A 1988:495</subfield>
            <subfield code="f">0</subfield>
            <subfield code="h">0</subfield>
            <subfield code="x">2015-10-31</subfield>
        </datafield>
        <datafield tag="876" ind1=" " ind2=" ">
            <subfield code="a">13g141260</subfield>
            <subfield code="j">kat</subfield>
            <subfield code="p">13g141260</subfield>
            <subfield code="r">13g141260</subfield>
            <subfield code="w">BOOK</subfield>
            <subfield code="z">(mat.) (4. oppl. 1986)</subfield>
        </datafield>
        <datafield tag="901" ind1=" " ind2=" ">
            <subfield code="a">80</subfield>
        </datafield>
        <datafield tag="913" ind1=" " ind2=" ">
            <subfield code="a">Norbok</subfield>
            <subfield code="b">NB</subfield>
        </datafield>
    </record>