
    <record>
        <leader>03376nam a2200577 c 4500</leader>
        <controlfield tag="001">999920020499502202</controlfield>
        <controlfield tag="005">20230307094441.0</controlfield>
        <controlfield tag="007">ta</controlfield>
        <controlfield tag="008">190905s2019    no a   er6   |000 1 nob| </controlfield>
        <datafield tag="020" ind1=" " ind2=" ">
            <subfield code="a">9788242964854</subfield>
            <subfield code="q">heftet</subfield>
            <subfield code="c">Nkr 99.00</subfield>
        </datafield>
        <datafield tag="035" ind1=" " ind2=" ">
            <subfield code="a">(EXLNZ-47BIBSYS_NETWORK)999920906944002201</subfield>
        </datafield>
        <datafield tag="035" ind1=" " ind2=" ">
            <subfield code="a">(NO-OsBAS)150329774</subfield>
        </datafield>
        <datafield tag="040" ind1=" " ind2=" ">
            <subfield code="a">NO-OsBAS</subfield>
            <subfield code="b">nob</subfield>
            <subfield code="e">rda</subfield>
            <subfield code="d">NO-OsNB</subfield>
        </datafield>
        <datafield tag="041" ind1="1" ind2=" ">
            <subfield code="a">nob</subfield>
            <subfield code="h">fre</subfield>
        </datafield>
        <datafield tag="082" ind1="0" ind2="4">
            <subfield code="a">741.5951</subfield>
            <subfield code="2">23/nor</subfield>
            <subfield code="q">NO-OsNB</subfield>
        </datafield>
        <datafield tag="100" ind1="1" ind2=" ">
            <subfield code="a">Eckartsberg, Benjamin von</subfield>
            <subfield code="d">1970-</subfield>
            <subfield code="0">(NO-TrBIB)99069521</subfield>
            <subfield code="4">aut</subfield>
        </datafield>
        <datafield tag="245" ind1="1" ind2="0">
            <subfield code="a">Hercule Poirot :</subfield>
            <subfield code="b">mord på Orientekspressen</subfield>
            <subfield code="c">basert på Agatha Christies roman ; manus: Benjamin von Eckartsberg ; tegninger og farger: Chaiko ; oversettelse: Jens Erik Røsåsen</subfield>
        </datafield>
        <datafield tag="246" ind1="1" ind2=" ">
            <subfield code="i">Originaltittel:</subfield>
            <subfield code="a">Hercule Poirot :</subfield>
            <subfield code="b">le crime de l'Orient-express</subfield>
        </datafield>
        <datafield tag="246" ind1="3" ind2=" ">
            <subfield code="a">Mord på Orientekspressen</subfield>
        </datafield>
        <datafield tag="264" ind1=" " ind2="1">
            <subfield code="a">[Oslo]</subfield>
            <subfield code="b">Egmont Publishing</subfield>
            <subfield code="c">2019</subfield>
        </datafield>
        <datafield tag="300" ind1=" " ind2=" ">
            <subfield code="a">64 sider</subfield>
            <subfield code="b">illustrasjoner</subfield>
            <subfield code="c">29 cm</subfield>
        </datafield>
        <datafield tag="336" ind1=" " ind2=" ">
            <subfield code="a">stillbilde</subfield>
            <subfield code="0">http://rdaregistry.info/termList/RDAContentType/1014</subfield>
            <subfield code="2">rdaco</subfield>
        </datafield>
        <datafield tag="336" ind1=" " ind2=" ">
            <subfield code="a">tekst</subfield>
            <subfield code="0">http://rdaregistry.info/termList/RDAContentType/1020</subfield>
            <subfield code="2">rdaco</subfield>
        </datafield>
        <datafield tag="337" ind1=" " ind2=" ">
            <subfield code="a">uformidlet</subfield>
            <subfield code="0">http://www.rdaregistry.info/termList/RDAMediaType/#1007</subfield>
            <subfield code="2">rdamt</subfield>
        </datafield>
        <datafield tag="338" ind1=" " ind2=" ">
            <subfield code="a">bind</subfield>
            <subfield code="0">http://www.rdaregistry.info/termList/RDACarrierType/#1049</subfield>
            <subfield code="2">rdact</subfield>
        </datafield>
        <datafield tag="490" ind1="1" ind2=" ">
            <subfield code="a">Agatha Christie</subfield>
        </datafield>
        <datafield tag="520" ind1=" " ind2=" ">
            <subfield code="a">Verdens mest berømte togtur byr på langt mer enn lekre cocktails og luksuriøse omgivelser når Poirot går ombord. Før han vet ordet av det, er en av passasjerene død, og Poirot befinner seg midt i et uhyre innfløkt mordmysterium ...    Endelig er Agatha Christies berømte roman utgitt i tegneserieform - dette er et julehefte som krimelskerne kan kose seg med i vintermørket!</subfield>
        </datafield>
        <datafield tag="650" ind1=" " ind2="7">
            <subfield code="a">Engelsk litteratur</subfield>
            <subfield code="0">(NO-TrBIB)HUME06885</subfield>
            <subfield code="2">humord</subfield>
        </datafield>
        <datafield tag="650" ind1=" " ind2="7">
            <subfield code="a">Poirot, Hercule (fiktiv person)</subfield>
            <subfield code="2">bokbas</subfield>
        </datafield>
        <datafield tag="653" ind1=" " ind2=" ">
            <subfield code="a">tegneserieadaptasjoner</subfield>
        </datafield>
        <datafield tag="655" ind1=" " ind2="7">
            <subfield code="a">Grafiske romaner</subfield>
            <subfield code="2">bokbas</subfield>
            <subfield code="9">nno</subfield>
        </datafield>
        <datafield tag="655" ind1=" " ind2="7">
            <subfield code="a">Grafiske romaner</subfield>
            <subfield code="2">bokbas</subfield>
            <subfield code="9">nob</subfield>
        </datafield>
        <datafield tag="655" ind1=" " ind2="7">
            <subfield code="a">Krim</subfield>
            <subfield code="2">bokbas</subfield>
            <subfield code="9">nno</subfield>
        </datafield>
        <datafield tag="655" ind1=" " ind2="7">
            <subfield code="a">Krim</subfield>
            <subfield code="2">bokbas</subfield>
            <subfield code="9">nob</subfield>
        </datafield>
        <datafield tag="655" ind1=" " ind2="7">
            <subfield code="a">Politi og detektivar</subfield>
            <subfield code="2">bokbas</subfield>
            <subfield code="9">nno</subfield>
        </datafield>
        <datafield tag="655" ind1=" " ind2="7">
            <subfield code="a">Politi og detektiver</subfield>
            <subfield code="2">bokbas</subfield>
            <subfield code="9">nob</subfield>
        </datafield>
        <datafield tag="655" ind1=" " ind2="7">
            <subfield code="a">Tegneserier</subfield>
            <subfield code="2">bokbas</subfield>
            <subfield code="9">nob</subfield>
        </datafield>
        <datafield tag="655" ind1=" " ind2="7">
            <subfield code="a">Teikneseriar</subfield>
            <subfield code="2">bokbas</subfield>
            <subfield code="9">nno</subfield>
        </datafield>
        <datafield tag="700" ind1="0" ind2=" ">
            <subfield code="a">Chaiko</subfield>
            <subfield code="d">1981-</subfield>
            <subfield code="0">(NO-TrBIB)1573631244184</subfield>
            <subfield code="4">art</subfield>
            <subfield code="4">clr</subfield>
        </datafield>
        <datafield tag="700" ind1="1" ind2=" ">
            <subfield code="a">Christie, Agatha</subfield>
            <subfield code="d">1890-1976</subfield>
            <subfield code="t">Murder on the Orient Express</subfield>
        </datafield>
        <datafield tag="700" ind1="1" ind2=" ">
            <subfield code="a">Røsåsen, Jens E.</subfield>
            <subfield code="d">1959-</subfield>
            <subfield code="q">(Jens Erik)</subfield>
            <subfield code="0">(NO-TrBIB)5079524</subfield>
            <subfield code="4">trl</subfield>
        </datafield>
        <datafield tag="830" ind1=" " ind2="0">
            <subfield code="a">Agatha Christie</subfield>
        </datafield>
        <datafield tag="852" ind1="8" ind2=" ">
            <subfield code="b">0030100</subfield>
            <subfield code="c">g00005</subfield>
            <subfield code="h">NA/A 2019:9892</subfield>
        </datafield>
        <datafield tag="852" ind1="8" ind2=" ">
            <subfield code="b">0183334</subfield>
            <subfield code="c">g00001</subfield>
        </datafield>
        <datafield tag="856" ind1="4" ind2="1">
            <subfield code="a">media.boknett.no</subfield>
            <subfield code="3">Miniatyrbilde</subfield>
            <subfield code="u">https://media.boknett.no/objects/74/97/150329774/productimage_OS_065281f4168eb180d3c626597e2367e6859bae72.jpg</subfield>
            <subfield code="n">Bokbasen, Oslo</subfield>
            <subfield code="q">image/jpeg</subfield>
        </datafield>
        <datafield tag="856" ind1="4" ind2="1">
            <subfield code="a">media.boknett.no</subfield>
            <subfield code="3">Omslagsbilde</subfield>
            <subfield code="u">https://media.boknett.no/objects/74/97/150329774/productimage_ORG_fde7dbfabdf5012b1975ba1e0e73457a6daf8fbd.jpg</subfield>
            <subfield code="n">Bokbasen, Oslo</subfield>
            <subfield code="q">image/jpeg</subfield>
        </datafield>
        <datafield tag="856" ind1="4" ind2="2">
            <subfield code="3">Forlagets beskrivelse (lang)</subfield>
            <subfield code="u">https://contents.bibs.aws.unit.no/content/?isbn=9788242964854</subfield>
        </datafield>
        <datafield tag="856" ind1="4" ind2="2">
            <subfield code="3">Omslagsbilde</subfield>
            <subfield code="u">https://contents.bibs.aws.unit.no/files/images/large/4/5/9788242964854.jpg</subfield>
            <subfield code="q">image/jpeg</subfield>
        </datafield>
        <datafield tag="856" ind1="4" ind2="2">
            <subfield code="3">Omslagsbilde</subfield>
            <subfield code="u">https://contents.bibs.aws.unit.no/files/images/small/4/5/9788242964854.jpg</subfield>
            <subfield code="q">image/jpeg</subfield>
        </datafield>
        <datafield tag="856" ind1="4" ind2="2">
            <subfield code="3">Originalt bilde</subfield>
            <subfield code="u">https://contents.bibs.aws.unit.no/files/images/original/4/5/9788242964854.jpg</subfield>
            <subfield code="q">image/jpeg</subfield>
        </datafield>
        <datafield tag="913" ind1=" " ind2=" ">
            <subfield code="a">Norbok</subfield>
            <subfield code="b">NB</subfield>
        </datafield>
    </record>