
    <record>
        <leader>03595cam a2200577 c 4500</leader>
        <controlfield tag="001">999920195200202202</controlfield>
        <controlfield tag="005">20230602050403.0</controlfield>
        <controlfield tag="007">ta</controlfield>
        <controlfield tag="008">211209s2022    no a   e |||||||| 1 nob| </controlfield>
        <datafield tag="020" ind1=" " ind2=" ">
            <subfield code="a">9788242973665</subfield>
            <subfield code="c">Nkr 139.00</subfield>
            <subfield code="q">heftet</subfield>
        </datafield>
        <datafield tag="035" ind1=" " ind2=" ">
            <subfield code="a">(EXLNZ-47BIBSYS_NETWORK)999921628965702201</subfield>
        </datafield>
        <datafield tag="035" ind1=" " ind2=" ">
            <subfield code="a">(NO-DIMO)94e4c758-f586-4a0c-a5ce-325c16af3ed1</subfield>
        </datafield>
        <datafield tag="035" ind1=" " ind2=" ">
            <subfield code="a">(NO-OsBA)0643823</subfield>
        </datafield>
        <datafield tag="035" ind1=" " ind2=" ">
            <subfield code="a">(NO-OsBAS)150408351</subfield>
        </datafield>
        <datafield tag="035" ind1=" " ind2=" ">
            <subfield code="a">oai:bibbi.bs.no:0643823</subfield>
        </datafield>
        <datafield tag="035" ind1=" " ind2=" ">
            <subfield code="a">oai:nb.no:pliktmonografi_000004093</subfield>
        </datafield>
        <datafield tag="040" ind1=" " ind2=" ">
            <subfield code="a">NO-OsBA</subfield>
            <subfield code="b">nob</subfield>
            <subfield code="e">rda</subfield>
            <subfield code="d">NO-OsNB</subfield>
        </datafield>
        <datafield tag="041" ind1="1" ind2=" ">
            <subfield code="a">nob</subfield>
            <subfield code="h">eng</subfield>
        </datafield>
        <datafield tag="082" ind1="0" ind2="4">
            <subfield code="a">741.5942</subfield>
            <subfield code="q">NO-OsBA</subfield>
            <subfield code="2">23/nor</subfield>
        </datafield>
        <datafield tag="100" ind1="1" ind2=" ">
            <subfield code="a">Eckartsberg, Benjamin von</subfield>
            <subfield code="d">1970-</subfield>
            <subfield code="0">(NO-TrBIB)99069521</subfield>
            <subfield code="4">aut</subfield>
        </datafield>
        <datafield tag="240" ind1="1" ind2="0">
            <subfield code="a">Murder on the Orient Express</subfield>
            <subfield code="l">Norsk</subfield>
        </datafield>
        <datafield tag="245" ind1="1" ind2="0">
            <subfield code="a">Hercule Poirot :</subfield>
            <subfield code="b">mord på Orientekspressen</subfield>
            <subfield code="c">basert på Agatha Christies roman ; manus: Benjamin von Eckartsberg ; tegninger og farger: Chaiko ; oversettelse: Jens Erik Røsåsen</subfield>
        </datafield>
        <datafield tag="250" ind1=" " ind2=" ">
            <subfield code="a">2. utgave</subfield>
        </datafield>
        <datafield tag="264" ind1=" " ind2="1">
            <subfield code="a">[Oslo]</subfield>
            <subfield code="b">Story house Egmont</subfield>
            <subfield code="c">2022</subfield>
        </datafield>
        <datafield tag="300" ind1=" " ind2=" ">
            <subfield code="a">64 sider</subfield>
            <subfield code="b">illustrasjoner i farger</subfield>
        </datafield>
        <datafield tag="336" ind1=" " ind2=" ">
            <subfield code="a">stillbilde</subfield>
            <subfield code="0">http://rdaregistry.info/termList/RDAContentType/1014</subfield>
            <subfield code="2">rdaco</subfield>
        </datafield>
        <datafield tag="336" ind1=" " ind2=" ">
            <subfield code="a">tekst</subfield>
            <subfield code="0">http://rdaregistry.info/termList/RDAContentType/1020</subfield>
            <subfield code="2">rdaco</subfield>
        </datafield>
        <datafield tag="337" ind1=" " ind2=" ">
            <subfield code="a">uformidlet</subfield>
            <subfield code="0">http://rdaregistry.info/termList/RDAMediaType/1007</subfield>
            <subfield code="2">rdamt</subfield>
        </datafield>
        <datafield tag="338" ind1=" " ind2=" ">
            <subfield code="a">bind</subfield>
            <subfield code="0">http://rdaregistry.info/termList/RDACarrierType/1049</subfield>
            <subfield code="2">rdact</subfield>
        </datafield>
        <datafield tag="500" ind1=" " ind2=" ">
            <subfield code="a">1. utgave 2019</subfield>
        </datafield>
        <datafield tag="500" ind1=" " ind2=" ">
            <subfield code="a">Basert på romanen: Mord på Orientekspressen / Agatha Christie</subfield>
        </datafield>
        <datafield tag="520" ind1=" " ind2=" ">
            <subfield code="a">Den elskverdige detektiven Hercule Poirot er på vei til London med Orientekspressen og har kupé på første klasse. Når passasjeren i nabokupéen blir funnet død en morgen går Poirot og de andre passasjerene i gang med å etterforske det som skal vise seg å være et ekstremt innfløkt mordmysterium. Dette er Agatha Christies klassiske historie gjenskapt i tegneserieform. Omtalen er utarbeidet av BS.</subfield>
        </datafield>
        <datafield tag="650" ind1="2" ind2="7">
            <subfield code="a">Poirot, Hercule (fiktiv person)</subfield>
            <subfield code="0">(NO-OsBA)1131432</subfield>
            <subfield code="2">bibbi</subfield>
            <subfield code="9">nno</subfield>
        </datafield>
        <datafield tag="650" ind1="2" ind2="7">
            <subfield code="a">Poirot, Hercule (fiktiv person)</subfield>
            <subfield code="0">(NO-OsBA)1131432</subfield>
            <subfield code="2">bibbi</subfield>
            <subfield code="9">nob</subfield>
        </datafield>
        <datafield tag="655" ind1=" " ind2="7">
            <subfield code="a">Grafiske romaner</subfield>
            <subfield code="0">(uri)https://id.nb.no/vocabulary/ntsf/302</subfield>
            <subfield code="2">ntsf</subfield>
        </datafield>
        <datafield tag="655" ind1=" " ind2="7">
            <subfield code="a">Krim</subfield>
            <subfield code="0">(uri)https://id.nb.no/vocabulary/ntsf/159</subfield>
            <subfield code="2">ntsf</subfield>
        </datafield>
        <datafield tag="655" ind1=" " ind2="7">
            <subfield code="a">Tegneserier</subfield>
            <subfield code="0">(uri)https://id.nb.no/vocabulary/ntsf/301</subfield>
            <subfield code="2">ntsf</subfield>
        </datafield>
        <datafield tag="700" ind1="0" ind2=" ">
            <subfield code="a">Chaiko</subfield>
            <subfield code="d">1981-</subfield>
            <subfield code="c">psevd. for Cai Feng</subfield>
            <subfield code="4">ill</subfield>
            <subfield code="0">(NO-TrBIB)1573631244184</subfield>
        </datafield>
        <datafield tag="700" ind1="1" ind2=" ">
            <subfield code="a">Christie, Agatha</subfield>
            <subfield code="d">1890-1976</subfield>
            <subfield code="t">Mord på Orientekspressen</subfield>
            <subfield code="4">ant</subfield>
            <subfield code="0">(NO-TrBIB)90057229</subfield>
        </datafield>
        <datafield tag="700" ind1="1" ind2=" ">
            <subfield code="a">Eckartsberg, Benjamin von</subfield>
            <subfield code="d">1970-</subfield>
            <subfield code="t">Murder on the Orient Express</subfield>
            <subfield code="l">Norsk</subfield>
            <subfield code="0">(NO-TrBIB)99069521</subfield>
        </datafield>
        <datafield tag="700" ind1="1" ind2=" ">
            <subfield code="a">Røsåsen, Jens E.</subfield>
            <subfield code="d">1959-</subfield>
            <subfield code="q">(Jens Erik)</subfield>
            <subfield code="4">trl</subfield>
            <subfield code="0">(NO-TrBIB)5079524</subfield>
        </datafield>
        <datafield tag="700" ind1="1" ind2=" ">
            <subfield code="i">Oversettelse av:</subfield>
            <subfield code="a">Eckartsberg, Benjamin von</subfield>
            <subfield code="d">1970-</subfield>
            <subfield code="t">Murder on the Orient Express</subfield>
            <subfield code="l">Engelsk</subfield>
            <subfield code="0">(NO-TrBIB)99069521</subfield>
        </datafield>
        <datafield tag="852" ind1="8" ind2=" ">
            <subfield code="b">0030100</subfield>
            <subfield code="c">g00005</subfield>
            <subfield code="h">NA/A 2022:3030</subfield>
        </datafield>
        <datafield tag="852" ind1="8" ind2=" ">
            <subfield code="b">0183334</subfield>
            <subfield code="c">g00001</subfield>
        </datafield>
        <datafield tag="856" ind1="4" ind2="0">
            <subfield code="3"/>
            <subfield code="y">NB Digital plikt</subfield>
            <subfield code="u">http://urn.nb.no/URN:NBN:no-nb_pliktmonografi_000004093</subfield>
            <subfield code="z">Pliktavlevert</subfield>
        </datafield>
        <datafield tag="856" ind1="4" ind2="1">
            <subfield code="3">Fulltekst</subfield>
            <subfield code="u">https://www.nb.no/search?q=oaiid:&quot;oai:nb.bibsys.no:999920195200202202&quot;</subfield>
            <subfield code="y">Nettbiblioteket</subfield>
            <subfield code="z">Søke-URL</subfield>
        </datafield>
        <datafield tag="856" ind1="4" ind2="2">
            <subfield code="3">Forlagets beskrivelse (lang)</subfield>
            <subfield code="u">https://contents.bibs.aws.unit.no/content/?isbn=9788242973665</subfield>
        </datafield>
        <datafield tag="856" ind1="4" ind2="2">
            <subfield code="3">Miniatyrbilde</subfield>
            <subfield code="u">https://contents.bibs.aws.unit.no/files/images/small/5/6/9788242973665.jpg</subfield>
            <subfield code="q">image/jpeg</subfield>
        </datafield>
        <datafield tag="856" ind1="4" ind2="2">
            <subfield code="3">Omslagsbilde</subfield>
            <subfield code="u">https://contents.bibs.aws.unit.no/files/images/large/5/6/9788242973665.jpg</subfield>
            <subfield code="q">image/jpeg</subfield>
        </datafield>
        <datafield tag="856" ind1="4" ind2="2">
            <subfield code="3">Originalt bilde</subfield>
            <subfield code="u">https://contents.bibs.aws.unit.no/files/images/original/5/6/9788242973665.jpg</subfield>
            <subfield code="q">image/jpeg</subfield>
        </datafield>
        <datafield tag="913" ind1=" " ind2=" ">
            <subfield code="a">Norbok</subfield>
            <subfield code="b">NB</subfield>
        </datafield>
    </record>